<record><leader>00000cas a22000007a 4500</leader><controlfield tag="001">8048825</controlfield><controlfield tag="008">820108d19812011caucn ne      0   e0chi d</controlfield><datafield ind1=" " ind2=" " tag="010"><subfield code="a">sn 83010343 </subfield></datafield><datafield ind1=" " ind2=" " tag="040"><subfield code="a">PIT</subfield><subfield code="b">eng</subfield><subfield code="c">PIT</subfield><subfield code="d">NST</subfield><subfield code="d">NPW</subfield><subfield code="d">DLC</subfield><subfield code="d">NSD</subfield><subfield code="d">NPA</subfield><subfield code="d">NSD</subfield><subfield code="d">NST</subfield><subfield code="d">WAU</subfield><subfield code="d">NSD</subfield><subfield code="d">HMY</subfield><subfield code="d">OCLCQ</subfield><subfield code="d">WAU</subfield><subfield code="d">OCLCF</subfield><subfield code="d">OCLCO</subfield></datafield><datafield ind1=" " ind2=" " tag="066"><subfield code="c">$1</subfield></datafield><datafield ind1=" " ind2=" " tag="012"><subfield code="j">0</subfield><subfield code="k">1</subfield><subfield code="l">1</subfield><subfield code="m">1</subfield></datafield><datafield ind1="0" ind2=" " tag="022"><subfield code="a">0743-5355</subfield><subfield code="l">0743-5355</subfield><subfield code="2">1</subfield></datafield><datafield ind1="1" ind2=" " tag="029"><subfield code="a">AU@</subfield><subfield code="b">000015610737</subfield></datafield><datafield ind1="1" ind2=" " tag="029"><subfield code="a">AU@</subfield><subfield code="b">000025822891</subfield></datafield><datafield ind1=" " ind2=" " tag="032"><subfield code="a">024077</subfield><subfield code="b">USPS</subfield></datafield><datafield ind1=" " ind2=" " tag="037"><subfield code="b">Taiwan Tribune, P.O. Box 297, Temple City, CA 91780</subfield></datafield><datafield ind1=" " ind2=" " tag="042"><subfield code="a">nst</subfield><subfield code="a">nsdp</subfield></datafield><datafield ind1=" " ind2=" " tag="043"><subfield code="a">a-ch---</subfield></datafield><datafield ind1=" " ind2="4" tag="050"><subfield code="a">Newspaper</subfield></datafield><datafield ind1="0" ind2=" " tag="210"><subfield code="a">Ta&#769;iwa&#772;n go&#772;nglu&#768;nbao</subfield></datafield><datafield ind1=" " ind2="0" tag="222"><subfield code="a">Ta&#769;iwa&#772;n go&#772;nglu&#768;nbao</subfield></datafield><datafield ind1="0" ind2="0" tag="245"><subfield code="6">880-01</subfield><subfield code="a">Taiwan gong lun bao =</subfield><subfield code="b">Taiwan tribune.</subfield></datafield><datafield ind1="3" ind2="0" tag="246"><subfield code="a">Dai Wan gong lun bao</subfield></datafield><datafield ind1="3" ind2="1" tag="246"><subfield code="a">Taiwan tribune</subfield></datafield><datafield ind1=" " ind2=" " tag="260"><subfield code="a">Long Island City, N.Y. :</subfield><subfield code="b">[s.n.],</subfield><subfield code="c">1981-2011.</subfield></datafield><datafield ind1=" " ind2=" " tag="300"><subfield code="a">2357 v. :</subfield><subfield code="b">ill. ;</subfield><subfield code="c">38 cm.</subfield></datafield><datafield ind1=" " ind2=" " tag="310"><subfield code="a">Semiweekly (except holidays),</subfield><subfield code="b">&lt;July 3, 1989-&gt;</subfield></datafield><datafield ind1=" " ind2=" " tag="321"><subfield code="a">Semiweekly,</subfield><subfield code="b">1981-</subfield></datafield><datafield ind1="0" ind2=" " tag="362"><subfield code="a">No. 0 (July 24, 1981)-di 2357 qi (Sept. 30, 2011).</subfield></datafield><datafield ind1=" " ind2=" " tag="500"><subfield code="a">Place of publication varies.</subfield></datafield><datafield ind1=" " ind2=" " tag="500"><subfield code="a">"For overseas Taiwanese communities."</subfield></datafield><datafield ind1=" " ind2=" " tag="500"><subfield code="a">Vols. for &lt;July 3, 1989-&gt; published at Temple City, CA; ); later issues published in Roosevelt, NJ.</subfield></datafield><datafield ind1=" " ind2=" " tag="500"><subfield code="a">Published by Taiwan New Generation Pub. Corp., &lt;Mar. 21, 1984-&gt;; Taiwan Tribune Pub. Corp., &lt;July 3, 1989-&gt;</subfield></datafield><datafield ind1=" " ind2=" " tag="546"><subfield code="a">In Chinese (with some advertisements in English</subfield></datafield><datafield ind1=" " ind2="0" tag="650"><subfield code="a">Chinese newspapers.</subfield></datafield><datafield ind1=" " ind2="7" tag="650"><subfield code="a">Chinese newspapers.</subfield><subfield code="2">fast</subfield><subfield code="0">(OCoLC)fst00857651</subfield></datafield><datafield ind1=" " ind2=" " tag="752"><subfield code="a">United States</subfield><subfield code="b">New York</subfield><subfield code="c">Queens</subfield><subfield code="d">Long Island City.</subfield></datafield><datafield ind1=" " ind2=" " tag="850"><subfield code="a">AAP</subfield><subfield code="a">CU-SB</subfield><subfield code="a">DeU</subfield><subfield code="a">IaU</subfield><subfield code="a">PU</subfield><subfield code="a">TxDaM</subfield></datafield><datafield ind1="0" ind2="0" tag="880"><subfield code="6">245-01/$1</subfield><subfield code="a">&#21488;&#28771;&#20844;&#35542;&#22577; =</subfield><subfield code="b">Taiwan tribune.</subfield></datafield></record>